001  0000279
005  20180926162020.727
008  180926s||||     bl|||||||||||||||||por|u
020    $a9788577275861
040    $aPorto Alegre$b1997
080    $21997$a323.14(815.6)
090    $a323.14(815.6)$bN385
245 00 $aNegras palavras gaúchas
260    $aPorto Alegre$bEvangraf$c2013
300    $a150 p.
600 0  $aGiamarê$qBrochado, Ligiamar de Jesus
650    $aIgualdade racial
650    $aCarnaval
651    $aCaxias do Sul
651    $aPorto Alegre
